@misc{2201.13125,
Author = {Prathamesh Kalamkar and Aman Tiwari and Astha Agarwal and Saurabh Karn and Smita Gupta and Vivek Raghavan and Ashutosh Modi},
Title = {Corpus for Automatic Structuring of Legal Documents},
Year = {2022},
Eprint = {arXiv:2201.13125},
}

@misc{2102.06008,
Author = {Arthur Brack and Anett Hoppe and Pascal Buscherm√∂hle and Ralph Ewerth},
Title = {Cross-Domain Multi-Task Learning for Sequential Sentence Classification in Research Papers},
Year = {2021},
Eprint = {arXiv:2102.06008},
}